@inproceedings{adve:90b,
   author = {S. V. Adve and M. D. Hill},
   title = {Implementing Sequential Consistency in Cache-Based Systems},
   booktitle = ICPP90,
   month = aug,
   pages = {47--50},
   url = {http://www-ece.rice.edu/~sarita/Publications/icpp90.ps},
   xx = {yes},
   year = 1990
}
