@inproceedings{ahamad:93,
   author = {M. Ahamad and R. A. Bazzi and R. John and P. Kohli and G. Neiger},
   title = {The Power of Processor Consistency (Extended Abstract)},
   booktitle = SPAA5,
   pages = {251--260},
   month = jun,
   mynote = {Also available as Georgia Institute of Technology, College of Computing technical report GIT-CC-92/34},
   url = {ftp://ftp.cc.gatech.edu/pub/coc/tech\_reports/1992/GIT-CC-92-34.ps.Z},
   xx = {yes},
   year = 1993
} 
