@article{ahamad:95,
   author = {M. Ahamad and G. Neiger and P. Kohli and J. E. Burns and P. W. Hutto},
   title = {Casual Memory: Definitions, Implementation and Programming},
   journal = {Distributed Computing},
   volume = 9,
   pages = {37--49},
   mynote = {Also available as Georgia Institute of Technology, College of Computing technical report GIT-CC-93/55},
   url = {ftp://ftp.cc.gatech.edu/pub/coc/tech\_reports/1993/GIT-CC-93-55.ps.Z},
   xx = {yes},
   year = 1995
}
