
@inproceedings{ahamad:91b,
   author = {M. Ahamad and J. E. Burns and P. W. Hutto and G. Neiger},
   title = {Casual Memory},
   booktitle = {Proc.\ of the 5th Int.\ Workshop on Distributed Algorithms (WDAG'91)},
   month = oct,
   pages = {9--30},
   publisher = {Springer-Verlag},
   series = LNCS,
   number = {579},
   xx = {yes},
   year = 1991
} 
