@INPROCEEDINGS{TDP+94,
  author = {Douglas B. Terry and Alan J. Demers and Karin Petersen and Mike Spreitzer
    and Marvin Theimer and Brent W. Welch},
  title = {Session Guarantees for Weakly Consistent Replicated Data},
  booktitle = {Proc.\ of the Third Int.\ Conf.\ on Parallel and Distributed Information
    Systems (PDIS 94)},
  year = {1994},
  pages = {140--149},
  address = {Austin, USA},
  month = sep,
  publisher = {IEEE Computer Society},
  isbn = {0-8186-6400-2}
}
