@techreport{goodman:89,
   author = {J. R. Goodman},
   title = {Cache Consistency and Sequential Consistency},
   institution = {IEEE Scalable Coherence Interface Working Group},
   month = mar,
   number = 61,
   mynote = {Also available as University of Wisconsin-Madison, Computer Sciences Department technical report TR \#1006},
   url = {ftp://ftp.cs.wisc.edu/tech-reports/reports/91/tr1006.ps.Z},
   xx = {yes},
   year = 1989
}
