@article{herlihy:90,
   author = {M. P. Herlihy and J. M. Wing},
   title = {Linearizability: A Correctness Condition for Concurrent Objects},
   journal = {ACM Trans.\ on Programming Languages and Systems},
   month = jul,
   volume = 12,
   number = 3,
   pages = {463--492},
   xx = {yes},
   year = 1990
}
