@article{lamport:79,
   author = {L. Lamport},
   title = {How to Make a Multiprocessor Computer that Correctly Executes Multiprocess Programs},
   journal = {IEEE Transactions on Computers},
   month = sep,
   volume = {C-28},
   number = 9,
   pages = {690--691},
   year = 1979
}
