@techreport{lipton:88,
   author = {R. J. Lipton and J. S. Sandberg},
   title = {{PRAM}: A Scalable Shared Memory},
   institution = {Dept.\ of Computer Science, Princeton University},
   month = sep,
   number = {CS-TR-180-88},
   xx = {no},
   year = 1988
} 
