@article{misra:86,
   author = {J. Misra},
   title = {Axioms for Memory Access in Asynchronous Hardware Systems},
   journal = TOPLAS,
   month = jan,
   volume = 8,
   number = 1,
   pages = {142--153},
   xx = {yes},
   year = 1986
}