@book{Cachin:2011:IRS:1972495,
 author = {Cachin, Christian and Guerraoui, Rachid and Rodrigues, Lus},
 title = {Introduction to Reliable and Secure Distributed Programming},
 year = {2011},
 isbn = {3642152597, 9783642152597},
 edition = {2nd},
 publisher = {Springer Publishing Company, Incorporated},
}

@article{Lamport:1978:TCO:359545.359563,
 author = {Lamport, Leslie},
 title = {Time, Clocks, and the Ordering of Events in a Distributed System},
 journal = {Commun. ACM},
 issue_date = {July 1978},
 volume = {21},
 number = {7},
 month = jul,
 year = {1978},
 issn = {0001-0782},
 pages = {558--565},
 numpages = {8},
 url = {http://doi.acm.org/10.1145/359545.359563},
 doi = {10.1145/359545.359563},
 acmid = {359563},
 publisher = {ACM},
 address = {New York, NY, USA},
 keywords = {clock synchronization, computer networks, distributed systems, multiprocess systems},
}

@article{10.1109/TSE.1983.236733,
 author = {B.J. Walker, and D. Edwards, and G.J. Popek, and D.S. Parker, and G. Rudisin, and J.M. Chow, and C. Kline, and S. Kiser, and A. Stoughton, and E. Walton, },
 title = {Detection of Mutual Inconsistency in Distributed Systems},
 journal = {IEEE Transactions on Software Engineering},
 volume = {9},
 number = {},
 issn = {0098-5589},
 year = {1983},
 pages = {240-247},
 doi = {doi.ieeecomputersociety.org/10.1109/TSE.1983.236733},
 publisher = {IEEE Computer Society},
 address = {Los Alamitos, CA, USA},
}

@inproceedings{adve:90b,
   author = {S. V. Adve and M. D. Hill},
   title = {Implementing Sequential Consistency in Cache-Based Systems},
   booktitle = ICPP90,
   month = aug,
   pages = {47--50},
   url = {http://www-ece.rice.edu/~sarita/Publications/icpp90.ps},
   xx = {yes},
   year = 1990
}

@article{ahamad:95,
   author = {M. Ahamad and G. Neiger and P. Kohli and J. E. Burns and P. W. Hutto},
   title = {Casual Memory: Definitions, Implementation and Programming},
   journal = {Distributed Computing},
   volume = 9,
   pages = {37--49},
   mynote = {Also available as Georgia Institute of Technology, College of Computing technical report GIT-CC-93/55},
   url = {ftp://ftp.cc.gatech.edu/pub/coc/tech\_reports/1993/GIT-CC-93-55.ps.Z},
   xx = {yes},
   year = 1995
}

@inproceedings{ahamad:93,
   author = {M. Ahamad and R. A. Bazzi and R. John and P. Kohli and G. Neiger},
   title = {The Power of Processor Consistency (Extended Abstract)},
   booktitle = SPAA5,
   pages = {251--260},
   month = jun,
   mynote = {Also available as Georgia Institute of Technology, College of Computing technical report GIT-CC-92/34},
   url = {ftp://ftp.cc.gatech.edu/pub/coc/tech\_reports/1992/GIT-CC-92-34.ps.Z},
   xx = {yes},
   year = 1993
} 

@techreport{lipton:88,
   author = {R. J. Lipton and J. S. Sandberg},
   title = {{PRAM}: A Scalable Shared Memory},
   institution = {Dept.\ of Computer Science, Princeton University},
   month = sep,
   number = {CS-TR-180-88},
   xx = {no},
   year = 1988
} 

@INPROCEEDINGS{TDP+94,
  author = {Douglas B. Terry and Alan J. Demers and Karin Petersen and Mike Spreitzer
    and Marvin Theimer and Brent W. Welch},
  title = {Session Guarantees for Weakly Consistent Replicated Data},
  booktitle = {Proc.\ of the Third Int.\ Conf.\ on Parallel and Distributed Information
    Systems (PDIS 94)},
  year = {1994},
  pages = {140--149},
  address = {Austin, USA},
  month = sep,
  publisher = {IEEE Computer Society},
  isbn = {0-8186-6400-2}
}

% ---------------------------------------------------------------------

% \begin{thebibliography}{1}
% %1
% % \bibitem{sampleitem}Jason Ebington, \emph{Sample Foo Item About Distributed Systems}, s. 218-219.
% % Springer Science + Business Media, 2006.

@MISC{bre00,
  author = {Eric A. Brewer},
  title = {Towards Robust Distributed Systems},
  note = {Keynote presented at: \textit{ACM Symposium on Principles of Distributed Computing, Portland, Oregon}},
  year = {2000},
  month = jul,
  howpublished = {\url{https://people.eecs.berkeley.edu/~brewer/cs262b-2004/PODC-keynote.pdf}}
}

@MISC{ell09a,
  author = {Jonathan Ellis},
  title = {{NoSQL Ecosystem}},
  year = {2009},
  month = nov,
  howpublished = {\url{https://blog.rackspace.com/nosql-ecosystem}}
}

@MISC{ham09,
  author = {James Hamilton},
  title = {One Size Does Not Fit All},
  year = {2009},
  month = nov,
  howpublished = {\url{http://perspectives.mvdirona.com/2009/11/03/OneSizeDoesNotFitAll.aspx}}
}

@MISC{redis,
  author = {{Redis Labs, Inc.}},
  title = {Introduction to {Redis}},
  howpublished = {\url{https://redis.io/topics/introduction}}
}

@MISC{rediscluster,
  author = {{Redis Labs, Inc.}},
  title = {{Redis Cluster} Specification},
  howpublished = {\url{https://redis.io/topics/cluster-spec}}
}

@MISC{redisrepl,
  author = {{Redis Labs, Inc.}},
  title = {Replication},
  howpublished = {\url{https://redis.io/topics/replication}}
}

@MISC{redisclustertut,
  author = {{Redis Labs, Inc.}},
  title = {{Redis Cluster} Tutorial},
  institution = {Ebin},
  howpublished = {\url{https://redis.io/topics/cluster-tutorial}}
}

@MISC{antirez,
  author = "Salvatore Sanfilippo",
  title = "Redis data model and eventual consistency",
  howpublished = {\url{http://antirez.com/news/36}},
  year = {2012},
  month = oct
}

@MISC{riakreplprop,
  author = {{Basho Technologies}},
  title = {Replication Properties},
  howpublished = {\url{http://docs.basho.com/riak/kv/2.2.3/developing/app-guide/replication-properties/}},
  note = {Part of: \textit{Basho Docs: Riak KV}}
}

@MISC{riakdvv,
  author = "Russell Brown",
  title = {Vector Clocks Revisited Part 2: Dotted Version Vectors},
  howpublished = {\url{http://basho.com/posts/technical/vector-clocks-revisited-part-2-dotted-version-vectors/}},
  year = {2012},
  month = nov
}

@MISC{riakrepl,
  author = {{Basho Technologies}},
  title = {Replication},
  howpublished = {\url{http://docs.basho.com/riak/kv/2.2.3/learn/concepts/replication}},
  note = {Part of: \textit{Basho Docs: Riak KV}}
}

@MISC{riakgloss,
  author = {{Basho Technologies}},
  title = {{Riak KV} Glossary},
  howpublished = {\url{http://docs.basho.com/riak/kv/2.2.3/learn/glossary/}},
  note = {Part of: \textit{Basho Docs: Riak KV}}
}

@MISC{riakeventual,
  author = {{Basho Technologies}},
  title = {Eventual Consistency},
  howpublished = {\url{http://docs.basho.com/riak/kv/2.2.3/developing/app-guide/eventual-consistency/}},
  note = {Part of: \textit{Basho Docs: Riak KV}}
}

@MISC{riakstrong,
  author = {{Basho Technologies}},
  title = {Strong Consistency},
  howpublished = {\url{http://docs.basho.com/riak/kv/2.2.3/developing/app-guide/strong-consistency/}},
  note = {Part of: \textit{Basho Docs: Riak KV}}
}

@MISC{riakstrongref,
  author = {{Basho Technologies}},
  title = {Strong Consistency Reference},
  howpublished = {\url{http://docs.basho.com/riak/kv/2.2.3/using/reference/strong-consistency}},
  note = {Part of: \textit{Basho Docs: Riak KV}}
}


@techreport{goldw89,
  author = "Michael Goldweber and Donald B. Johnson and Larry Raab",
  title = "A Comparison of Consistency Control Protocols",
  institution = "Dartmouth College",
  year = {1989},
  month = jul,
  number = {PCS-TR89-142}
}

@MISC{vold,
  author = {{LinkedIn}},
  title = {{Project Voldemort: A distributed database}},
  howpublished = {\url{http://www.project-voldemort.com/voldemort/}}
}

@misc{nosql,
  author = "Christof Strauch",
  title = {{NoSQL} Databases},
  note = {Part of lecture: \textit{Selected Topics on Software-Technology: Ultra-Large Scale Sites}, Prof. W. Kriha, Stuttgart Media University},
  year = 2011,
  howpublished  {\url{www.christof-strauch.de/nosqldbs.pdf}}
}

@MISC{cosmos1,
  author = {{Microsoft Corporation}},
  title = {Introduction to {Azure CosmosDB}},
  howpublished = {\url{https://docs.microsoft.com/en-us/azure/cosmos-db/introduction}}
}

@MISC{cosmoscons,
  author = {{Microsoft Corporation}},
  title = {Consistency levels in {Azure CosmosDB}},
  howpublished = {\url{https://docs.microsoft.com/en-us/azure/cosmos-db/consistency-levels}}
}

@MISC{cosmopart,
  author = {{Microsoft Corporation}},
  title = {Partitioning and horizontal scaling in {Azure CosmosDB}},
  howpublished = {\url{https://docs.microsoft.com/en-us/azure/cosmos-db/partition-data}}
}


% \end{thebibliography}
% Data dostępu do wszystkich adresów internetowych: 30 lipca 2017.
